@INPROCEEDINGS{IPSN07_Huber,
  author = {Marco F. Huber and Uwe D. Hanebeck},
  title = {{H}ybrid {T}ransition {D}ensity {A}pproximation for {E}fficient {R}ecursive {P}rediction of {N}onlinear {D}ynamic {S}ystems},
  booktitle = {International Conference on Information Processing in Sensor Networks (IPSN 2007)},
  year = {2007},
  pages = {283--292},
  address = {Cambridge, Massachusetts},
  month = apr,
  abstract = {For several tasks in sensor networks, such as localization, information
	fusion, or sensor scheduling, Bayesian estimation is of paramount
	importance. Due to the limited computational and memory resources
	of the nodes in a sensor network, evaluation of the prediction step
	of the Bayesian estimator has to be performed very efficiently. An
	exact and closed-form representation of the predicted probability
	density function of the system state is typically impossible to obtain,
	since exactly solving the prediction step for nonlinear discrete-time
	dynamic systems in closed form is unfeasible. Assuming additive noise,
	we propose an accurate approximation of the predicted density, that
	can be calculated efficiently by optimally approximating the transition
	density using a hybrid density. A hybrid density consists of two
	different density types: Dirac delta functions that cover the domain
	of the current density of the system state, and another density type,
	e.g. Gaussian densities, that cover the domain of the predicted density.
	The freely selectable, second density type of the hybrid density
	depends strongly on the noise affecting the nonlinear system. So,
	the proposed approximation framework for nonlinear prediction is
	not restricted to a specific noise density. It further allows an
	analytical evaluation of the Chapman-Kolmogorov prediction equation
	and can be interpreted as a deterministic sampling estimation approach.
	In contrast to methods using random sampling like particle filters,
	a dramatic reduction in the number of components and a subsequent
	decrease in computation time for approximating the predicted density
	is gained.},
  keywords = {System Approximation, Hybrid Density},
  owner = {Huber},
  pdf = {IPSN2007_Huber.pdf},
  timestamp = {2007.04.17}
}

@ARTICLE{ITM07_BrunnSawo,
  author = {Dietrich Brunn and Felix Sawo and Uwe D. Hanebeck},
  title = {{M}odellbasierte {V}ermessung verteilter {P}h{\"a}nomene und {G}enerierung optimaler {M}esssequenzen},
  journal = {tm - Technisches Messen, Oldenbourg Verlag},
  year = {2007},
  volume = {3},
  pages = {75--90},
  month = mar,
  abstract = {Dieser Beitrag befasst sich mit modellbasierten Methoden zur Vermessung
	verteilter physikalischer Ph{\"a}nomene. Diese Methoden zeichnen
	sich durch eine systematische Behandlung von Unsicherheiten aus,
	so dass neben der Rekonstruktion der vollst{\"a}ndigen Wahrscheinlichkeitsdichte
	der relevanten Gr{\"o}\ss{}en aus einer geringen Anzahl von zeit-,
	orts- und wertdiskreten Messungen auch die Generierung optimaler
	Messsequenzen m{\"o}glich ist. Es wird dargestellt, wie eine Beschreibung
	f{\"u}r ein verteilt"=parametrisches System in Form einer partiellen
	Differentialgleichung, welche einen unendlich-dimensionalen Zustandsraum
	beschreibt, in eine konzentriert-parametrische Form konvertiert wird.
	Diese kann als Grundlage f{\"u}r den Entwurf klassischer Sch{\"a}tzer,
	wie z. B. des Kalman-Filters, dienen. Ferner wird eine Methode zur
	Sensoreinsatzplanung vorgestellt, mit der eine optimale Sequenz von
	Messparametern bestimmt werden kann, um mit einem minimalen Messaufwand
	die Unsicherheit auf ein gew{\"u}nschtes Ma\ss{} zu reduzieren. Die
	Anwendung dieser Methoden wird an zwei Beispielen, einer Temperaturverteilung
	und der Verformung einer F{\"u}hrungsschiene, demonstriert. Zus{\"a}tzlich
	werden die Herausforderungen bei der Behandlung nichtlinearer Systeme
	und die Probleme bei der dezentralen Verarbeitung, wie sie typischerweise
	beim Einsatz von Sensornetzwerken auftreten, diskutiert.},
  booktitle = {Informationsfusion in der Mess- und Sensortechnik},
  editor = {J{\"u}rgen Beyerer and Fernando {Puente Le{\'o}n} and Klaus-Dieter Sommer},
  owner = {brunn},
  pdf = {ITM07_BrunnSawo.pdf},
  publisher = {Universit{\"a}tsverlag Karlsruhe},
  timestamp = {2007.04.23}
}