% This file was created with JabRef 2.8.1.
% Encoding: Cp1252

@BOOK{PR_ThrunBurgardFox,
  title = {Probabilistic Robotics},
  publisher = {The MIT Press},
  year = {2006},
  author = {Sebastian Thrun and Wolfram Burgard and Dieter Fox},
  pages = {487-545},
  owner = {Holoch},
  timestamp = {2012.12.16}
}

